<?xml version="1.0" encoding="UTF-8"?>
<record xmlns="http://www.loc.gov/MARC21/slim" xmlns:xsi="http://www.w3.org/2001/XMLSchema-instance" xsi:schemaLocation="http://www.loc.gov/MARC21/slim http://www.loc.gov/standards/marcxml/schema/MARC21slim.xsd">
<leader>00000cam a22      a 4500</leader>
<controlfield tag="001">001677171</controlfield>
<controlfield tag="003">NNU</controlfield>
<controlfield tag="005">20150603154718.0</controlfield>
<controlfield tag="008">880606s1969    iq       b    000 0 ara d</controlfield>
<datafield tag="010" ind1=" " ind2=" ">
<subfield code="a">   75251814</subfield>
</datafield>
<datafield tag="035" ind1=" " ind2=" ">
<subfield code="a">(OCoLC)18043087</subfield>
</datafield>
<datafield tag="040" ind1=" " ind2=" ">
<subfield code="a">WAU</subfield>
<subfield code="b">eng</subfield>
<subfield code="c">WAU</subfield>
<subfield code="d">IUL</subfield>
<subfield code="d">OSU</subfield>
<subfield code="d">ZAP</subfield>
<subfield code="d">OCLCQ</subfield>
<subfield code="d">OCLCF</subfield>
<subfield code="d">OCLCQ</subfield>
<subfield code="d">NNU</subfield>
</datafield>
<datafield tag="050" ind1=" " ind2="4">
<subfield code="a">BP135</subfield>
<subfield code="b">.G48 1969</subfield>
</datafield>
<datafield tag="100" ind1="1" ind2=" ">
<subfield code="6">880-01</subfield>
<subfield code="a">Ghurayfī, Muḥyī al-Dīn al-Mūsawī.</subfield>
</datafield>
<datafield tag="245" ind1="1" ind2="0">
<subfield code="6">880-02</subfield>
<subfield code="a">Qawāʻid al-ḥadīth /</subfield>
<subfield code="c">bi-qalam Muḥyī al-Dīn al-Mūsawī al-Ghurayfī.</subfield>
</datafield>
<datafield tag="250" ind1=" " ind2=" ">
<subfield code="6">880-03</subfield>
<subfield code="a">[al-Ṭabʻah 1.]</subfield>
</datafield>
<datafield tag="260" ind1=" " ind2=" ">
<subfield code="6">880-04</subfield>
<subfield code="a">al-Najaf :</subfield>
<subfield code="b">Maṭbaʻat al-Ādāb,</subfield>
<subfield code="c">[1969]</subfield>
</datafield>
<datafield tag="300" ind1=" " ind2=" ">
<subfield code="a">274 pages ;</subfield>
<subfield code="c">25 cm</subfield>
</datafield>
<datafield tag="336" ind1=" " ind2=" ">
<subfield code="a">text</subfield>
<subfield code="b">txt</subfield>
<subfield code="2">rdacontent</subfield>
</datafield>
<datafield tag="337" ind1=" " ind2=" ">
<subfield code="a">unmediated</subfield>
<subfield code="b">n</subfield>
<subfield code="2">rdamedia</subfield>
</datafield>
<datafield tag="338" ind1=" " ind2=" ">
<subfield code="a">volume</subfield>
<subfield code="b">nc</subfield>
<subfield code="2">rdacarrier</subfield>
</datafield>
<datafield tag="504" ind1=" " ind2=" ">
<subfield code="a">Includes bibliographical references (pages 267-274).</subfield>
</datafield>
<datafield tag="505" ind1="0" ind2=" ">
<subfield code="6">880-05</subfield>
<subfield code="a">Tanwīʻ al-Ḥadīth -- aḥādīth aṣḥāb al-ijmāʻ -- ḥayāt al-Baṭāʼīnʻī -- ʻAlī ibn Abī Ḥamzah -- al-Hadīth wa- shuhrat al-fatwá -- al-uṣūla al-Rajjālīyah wa-Rajjāl ibn al-Ghaḍāʼirī -- al-Aḥādīth al-muḍmarah -- al-Aḥādīth al-mawqūfah -- al-Aḥādīth al-muʻallalah -- maṣādir al-kitāb p. (267-274).</subfield>
</datafield>
<datafield tag="650" ind1=" " ind2="0">
<subfield code="a">Hadith.</subfield>
</datafield>
<datafield tag="650" ind1=" " ind2="7">
<subfield code="a">Hadith.</subfield>
<subfield code="2">fast</subfield>
<subfield code="0">(OCoLC)fst00950112</subfield>
</datafield>
<datafield tag="776" ind1="0" ind2="8">
<subfield code="i">Online version:</subfield>
<subfield code="a">Ghurayfī, Muḥyī al-Dīn al-Mūsawī</subfield>
<subfield code="t">Qawāʻid al-ḥadīth.</subfield>
<subfield code="b">[al-Ṭabʻah 1.]</subfield>
<subfield code="d">al-Najaf : Maṭbaʻat al-Ādāb, [1969]</subfield>
<subfield code="w">(OCoLC)891553856</subfield>
</datafield>
<datafield tag="880" ind1="1" ind2=" ">
<subfield code="6">100-01/</subfield>
<subfield code="a">غريفي، محيي الدين الموسوي.</subfield>
</datafield>
<datafield tag="880" ind1="1" ind2="0">
<subfield code="6">245-02/</subfield>
<subfield code="a">قواعد الحديث /</subfield>
<subfield code="c">بقلم محيي الدين الموسوي الغريفي.</subfield>
</datafield>
<datafield tag="880" ind1=" " ind2=" ">
<subfield code="6">250-03/</subfield>
<subfield code="a">[الطبعة 1.]</subfield>
</datafield>
<datafield tag="880" ind1=" " ind2=" ">
<subfield code="6">260-04/</subfield>
<subfield code="a">النجف :</subfield>
<subfield code="b">مطبعة الأداب،</subfield>
<subfield code="c">[1969]</subfield>
</datafield>
<datafield tag="880" ind1="0" ind2=" ">
<subfield code="6">505-05/</subfield>
<subfield code="a">تنويع الهديث اهاديث اصحاب الاجماع حيات البطائينعي علي بن ابي حمزة الهديث و شهرة الفتوى الصول الرجالية ورجال بن الغضائري الاحاديث المضمرة الاحاديث الموقوفة الاحاديث المعللة مصادر الكتاب ص. (267-274).</subfield>
</datafield>
<datafield tag="OWN" ind1=" " ind2=" ">
<subfield code="a">GENERAL</subfield>
</datafield>
<datafield tag="AVA" ind1=" " ind2=" ">
<subfield code="a">NYU50</subfield>
<subfield code="b">BOBST</subfield>
<subfield code="c">Main Collection</subfield>
<subfield code="d">BP135 .G48 1969</subfield>
<subfield code="e">unavailable</subfield>
<subfield code="t">Unavailable</subfield>
<subfield code="f">1</subfield>
<subfield code="g">1</subfield>
<subfield code="h">N</subfield>
<subfield code="i">0</subfield>
<subfield code="j">MAIN</subfield>
<subfield code="k">0</subfield>
</datafield>
</record>
